
@book{textbook,
  title = {物理化学实验},
  shorttitle = {《物理化学实验》},
  author = {北京大学化学学院物理化学实验教学组},
  date = {2002-04},
  publisher = {{北京大学出版社}},
  url = {https://book.douban.com/subject/1267414/},
  urldate = {2021-09-15},
  abstract = {作者简介: 内容简介: 物理化学实验是北京大学化学学院本科生的一门重要的必修实验基础课。北京大学化学学院物理化学实验教学组编著的《物理化学实验（第4版）》是我校化学学院物理化学实验课的传统教材。自1981年以来，已经再版三次。1987年曾获全国优秀教材国家教委二等奖。     修订后的第4版，内容涉及物理化学的各个分支：热力学，动力学，电化学，胶体化学，结构化学和表面化学等诸方面。与第3版相比，在“实验部分”中，增加了振荡反应、循环伏安法和NH4C1-NH4N03-H20二盐水相图等实验，并对部分实验（如丙酮碘化等）的体系、内容、思考题和参考资料进行了较大的修改和更新。在“仪器和方法”部分，以较大的篇幅将物理化学实验中的重要仪器和典型的实一验方法介绍给读者，并提供实验安全操作、物理化学实验文献资料的查阅方法和常用数据等内容。     《物理化学实验（第4版）》除可供大专院校师生作教材外，还可作为实验技术方面的参考书。},
  isbn = {978-7-301-02866-7},
  pagetotal = {272},
  keywords = {化学,科学},
  annotation = {👩‍⚖️0;🔟?;25.00 元;}
}

@online{web,
  title = {Chem \& {{Coding}} | {{用LaTeX完成物化实验报告}}（2） 封面的制作 - 知乎},
  url = {https://zhuanlan.zhihu.com/p/31325285},
  urldate = {2021-09-15},
  file = {C\:\\Users\\Youmans\\Zotero\\storage\\E63C48GR\\31325285.html}
}


